<record><leader>00000cas a22000007a 4500</leader><controlfield tag="001">26569435</controlfield><controlfield tag="008">920910d189u189uncuwr ne      0    0eng d</controlfield><datafield ind1=" " ind2=" " tag="010"><subfield code="a">sn 92074080 </subfield></datafield><datafield ind1=" " ind2=" " tag="040"><subfield code="a">NVJ</subfield><subfield code="b">eng</subfield><subfield code="c">NVJ</subfield><subfield code="d">OCLCQ</subfield></datafield><datafield ind1=" " ind2=" " tag="042"><subfield code="a">msc</subfield></datafield><datafield ind1="0" ind2="0" tag="245"><subfield code="a">Shelby review.</subfield></datafield><datafield ind1=" " ind2=" " tag="260"><subfield code="a">Shelby, N.C. :</subfield><subfield code="b">Jno. C. Tipton</subfield></datafield><datafield ind1=" " ind2=" " tag="300"><subfield code="a">v.</subfield></datafield><datafield ind1=" " ind2=" " tag="310"><subfield code="a">Weekly</subfield></datafield><datafield ind1=" " ind2=" " tag="588"><subfield code="a">Description based on: Vol. 3, no. 20 (Apr. 21, 1893).</subfield></datafield><datafield ind1=" " ind2=" " tag="752"><subfield code="a">United States</subfield><subfield code="b">North Carolina</subfield><subfield code="c">Cleveland</subfield><subfield code="d">Shelby.</subfield></datafield><datafield ind1="0" ind2="0" tag="785"><subfield code="t">Cleveland star (Shelby, N.C.)</subfield><subfield code="w">(DLC)sn 97064509</subfield></datafield></record>